%% This BibTeX bibliography file was created using BibDesk.
%% http://bibdesk.sourceforge.net/

%% Created for Charlie Jonas at 2016-12-05 00:19:51 +0000 


%% Saved with string encoding Unicode (UTF-8) 



@book{tilley2005,
	Author = {Tilley, Richard J. D.},
	Date-Added = {2016-12-04 23:52:30 +0000},
	Date-Modified = {2016-12-04 23:53:33 +0000},
	Isbn = {9780470026465},
	Lccn = {2004004221},
	Publisher = {Wiley},
	Title = {Understanding Solids: The Science of Materials},
	Year = {2005},
	Bdsk-Url-1 = {https://books.google.co.uk/books?id=ZVgOLCXNoMoC}}

@book{feynman2,
	Author = {Sands, Matthew and Feynman, Richard and Leighton, Robert B.},
	Date-Added = {2016-04-18 12:20:24 +0000},
	Date-Modified = {2016-12-04 23:41:52 +0000},
	Publisher = {Basic Books},
	Title = {The Feynman Lectures on Physics},
	Volume = {2},
	Year = {2011}}

@booklet{labmanual,
	Author = {Department of Physics, University of Cambridge},
	Date-Added = {2016-04-18 11:53:30 +0000},
	Date-Modified = {2016-12-05 00:19:51 +0000},
	Title = {{NST 1B} Physics Class Manual: Experiments 3,4,5},
	Year = {2016}}
