@article{Choptuik:2009ww,
      author         = "Choptuik, Matthew W. and Pretorius, Frans",
      title          = "{Ultra Relativistic Particle Collisions}",
      journal        = "Phys.Rev.Lett.",
      volume         = "104",
      pages          = "111101",
      doi            = "10.1103/PhysRevLett.104.111101",
      year           = "2010",
      eprint         = "0908.1780",
      archivePrefix  = "arXiv",
      primaryClass   = "gr-qc",
      SLACcitation   = "%%CITATION = ARXIV:0908.1780;%%",
}
@book{hawking1998brief,
  title={A Brief History of Time},
  author={Hawking, S.W.},
  isbn={9780553109535},
  lccn={87033333},
  url={http://books.google.co.uk/books?id=E7mEnx3zE4AC},
  year={1998},
  publisher={Bantam Books}
}
@book{feynman1985qed,
  title={QED: the Strange Theory of Light and Matter},
  author={Feynman, R.},
  isbn={9788173712111},
  url={http://books.google.co.uk/books?id=BOsltcznq9wC},
  year={1985},
  publisher={Universities Press (India) Pvt. Limited}
}
@online{occam'sRaz,
  author = {Gibbs, Philip and Hiroshi, Sugihara},
  title = {What is Occam's Razor?},
  year = 1996,
  url = {http://math.ucr.edu/home/baez/physics/General/occam.html},
  urldate = {2014-10-28}
}
@book{forshaw2009dynamics,
  title={Dynamics and Relativity},
  author={Forshaw, J. and Smith, G.},
  isbn={9780470721520},
  lccn={2008053366},
  series={Manchester Physics Series},
  url={http://books.google.co.uk/books?id=NW4VUsmRXrkC},
  year={2009},
  publisher={Wiley}
}
@book{susskind2008black,
  title={The Black Hole War: My Battle with Stephen Hawking to Make the World Safe for Quantum Mechanics},
  author={Susskind, L.},
  isbn={9780316032698},
  url={http://books.google.co.uk/books?id=RZU0AQAAQBAJ},
  year={2008},
  publisher={Little, Brown}
}
@article{Majumdar:1998xv,
      author         = "Majumdar, Parthasarathi",
      title          = "{Black hole entropy and quantum gravity}",
      journal        = "Indian J.Phys.",
      volume         = "B73",
      pages          = "147",
      year           = "1999",
      eprint         = "gr-qc/9807045",
      archivePrefix  = "arXiv",
      primaryClass   = "gr-qc",
      reportNumber   = "IMSC-98-07-38",
      SLACcitation   = "%%CITATION = GR-QC/9807045;%%",
}
@book{planck2013treatise,
  title={Treatise on Thermodynamics},
  author={Planck, M.},
  isbn={9780486319285},
  series={Dover Books on Physics},
  url={http://books.google.co.uk/books?id=G7XDAgAAQBAJ},
  year={2013},
  publisher={Dover Publications}
}
@article{PhysRevD.7.2333,
  title = {Black Holes and Entropy},
  author = {Bekenstein, Jacob},
  journal = {Phys. Rev. D},
  volume = {7},
  issue = {8},
  pages = {2333--2346},
  numpages = {14},
  year = {1973},
  month = {Apr},
  publisher = {American Physical Society},
  doi = {10.1103/PhysRevD.7.2333},
  url = {http://link.aps.org/doi/10.1103/PhysRevD.7.2333}
}
@article{EinsteinPaper,
   author = {{Einstein}, A.},
    title = "{Ist die Tr{\"a}gheit eines K{\"o}rpers von seinem Energieinhalt abh{\"a}ngig?}",
  journal = {Annalen der Physik},
     year = 1905,
   volume = 323,
    pages = {639-641},
      doi = {10.1002/andp.19053231314},
   adsurl = {http://adsabs.harvard.edu/abs/1905AnP...323..639E},
  adsnote = {Provided by the SAO/NASA Astrophysics Data System}
}
@book{planck2013theory,
  title={The Theory of Heat Radiation},
  author={Planck, M.},
  isbn={9780486173283},
  series={Dover Books on Physics},
  url={http://books.google.co.uk/books?id=oNLCAgAAQBAJ},
  year={2013},
  publisher={Dover Publications}
}
@article{Hawking:1974sw,
      author         = "Hawking, S.W.",
      title          = "{Particle Creation by Black Holes}",
      journal        = "Commun.Math.Phys.",
      volume         = "43",
      pages          = "199-220",
      doi            = "10.1007/BF02345020",
      year           = "1975",
      SLACcitation   = "%%CITATION = CMPHA,43,199;%%",
}
@book{hawking2001universe,
  title={The Universe in a Nutshell},
  author={Hawking, S.W.},
  isbn={9780553802023},
  lccn={2001035757},
  url={http://books.google.co.uk/books?id=0CO2iwfzRJkC},
  year={2001},
  publisher={Bantam Books}
}
@article{Preskill:1992tc,
      author         = "Preskill, John",
      title          = "{Do black holes destroy information?}",
      year           = "1992",
      eprint         = "hep-th/9209058",
      archivePrefix  = "arXiv",
      primaryClass   = "hep-th",
      reportNumber   = "CALT-68-1819, C92-01-16",
      SLACcitation   = "%%CITATION = HEP-TH/9209058;%%",
}
@article{Hawking:2005kf,
      author         = "Hawking, S.W.",
      title          = "{Information loss in black holes}",
      journal        = "Phys.Rev.",
      volume         = "D72",
      pages          = "084013",
      doi            = "10.1103/PhysRevD.72.084013",
      year           = "2005",
      eprint         = "hep-th/0507171",
      archivePrefix  = "arXiv",
      primaryClass   = "hep-th",
      reportNumber   = "DAMTP-2005-66",
      SLACcitation   = "%%CITATION = HEP-TH/0507171;%%",
}
@article{PhysRevLett.44.301,
  title = {Is Black-Hole Evaporation Predictable?},
  author = {Page, Don},
  journal = {Phys. Rev. Lett.},
  volume = {44},
  issue = {5},
  pages = {301--304},
  numpages = {4},
  year = {1980},
  month = {Feb},
  publisher = {American Physical Society},
  doi = {10.1103/PhysRevLett.44.301},
  url = {http://link.aps.org/doi/10.1103/PhysRevLett.44.301}
}
@article{Susskind:1992gd,
      author         = "Susskind, Leonard and Thorlacius, Larus",
      title          = "{Hawking radiation and back reaction}",
      journal        = "Nucl.Phys.",
      volume         = "B382",
      pages          = "123-147",
      doi            = "10.1016/0550-3213(92)90081-L",
      year           = "1992",
      eprint         = "hep-th/9203054",
      archivePrefix  = "arXiv",
      primaryClass   = "hep-th",
      reportNumber   = "SU-ITP-92-12",
      SLACcitation   = "%%CITATION = HEP-TH/9203054;%%",
}
@article{Susskind:1993if,
      author         = "Susskind, Leonard and Thorlacius, Larus and Uglum, John",
      title          = "{The Stretched horizon and black hole complementarity}",
      journal        = "Phys.Rev.",
      volume         = "D48",
      pages          = "3743-3761",
      doi            = "10.1103/PhysRevD.48.3743",
      year           = "1993",
      eprint         = "hep-th/9306069",
      archivePrefix  = "arXiv",
      primaryClass   = "hep-th",
      reportNumber   = "SU-ITP-93-15",
      SLACcitation   = "%%CITATION = HEP-TH/9306069;%%",
}
@article{Page:1993up,
      author         = "Page, Don N.",
      title          = "{Black hole information}",
      year           = "1993",
      eprint         = "hep-th/9305040",
      archivePrefix  = "arXiv",
      primaryClass   = "hep-th",
      reportNumber   = "ALBERTA-THY-23-93, C93-05-13.1",
      SLACcitation   = "%%CITATION = HEP-TH/9305040;%%",
}
@book{susskind2005introduction,
  title={An Introduction to Black Holes, Information and the String Theory Revolution: The Holographic Universe},
  author={Susskind, L. and Lindesay, J.},
  isbn={9789812560834},
  lccn={2006296031},
  url={http://books.google.co.uk/books?id=cxJCBRUNmVYC},
  year={2005},
  publisher={World Scientific}
}
@article{Susskind:1994vu,
      author         = "Susskind, Leonard",
      title          = "{The World as a hologram}",
      journal        = "J.Math.Phys.",
      volume         = "36",
      pages          = "6377-6396",
      doi            = "10.1063/1.531249",
      year           = "1995",
      eprint         = "hep-th/9409089",
      archivePrefix  = "arXiv",
      primaryClass   = "hep-th",
      reportNumber   = "SU-ITP-94-33",
      SLACcitation   = "%%CITATION = HEP-TH/9409089;%%",
}
@article{'tHooft:1993gx,
      author         = "'t Hooft, Gerard",
      title          = "{Dimensional reduction in quantum gravity}",
      pages          = "0284-296",
      year           = "1993",
      eprint         = "gr-qc/9310026",
      archivePrefix  = "arXiv",
      primaryClass   = "gr-qc",
      reportNumber   = "THU-93-26",
      SLACcitation   = "%%CITATION = GR-QC/9310026;%%",
}
@book{hooft1997search,
  title={In Search of the Ultimate Building Blocks},
  author={Hooft, G.},
  isbn={9780521578837},
  lccn={96031468},
  url={http://books.google.co.uk/books?id=e-7eAp-bVbEC},
  year={1997},
  publisher={Cambridge University Press}
}
@article{pbok,
    author = {Bokulich, Peter},
    title = {Does Black Hole Complementarity Answer Hawking's Information Loss Paradox?},
    journal = {Philosophy of Science},
    volume = {72},
    pages = {1336-1349},
    doi = {10.1086/508972},
    year = {2005}
}
@online{guestpost,
  author = {Carroll, Sean},
  title = {Guest Post: Joe Polchinski on Black Holes, Complementarity, and Firewalls},
  year = 2012,
  url = {http://blogs.discovermagazine.com/cosmicvariance/2012/09/27/guest-post-joe-polchinski-on-black-holes-complementarity-and-firewalls/},
  urldate = {2014-10-05}
}
@article{Riess:1998cb,
      author         = "Riess, Adam G. and others",
      title          = "{Observational evidence from supernovae for an
                        accelerating universe and a cosmological constant}",
      collaboration  = "Supernova Search Team",
      journal        = "Astron.J.",
      volume         = "116",
      pages          = "1009-1038",
      doi            = "10.1086/300499",
      year           = "1998",
      eprint         = "astro-ph/9805201",
      archivePrefix  = "arXiv",
      primaryClass   = "astro-ph",
      SLACcitation   = "%%CITATION = ASTRO-PH/9805201;%%",
}
@misc{camlecture,
	author	=	{Crawford, Carolin},
	title		=	{Private communication},
	year		=	{2014}
}
@article{Zeldovich:1976vq,
      author         = "Zeldovich, Ya.B.",
      title          = "{A New Type of Radioactive Decay: Gravitational
                        Annihilation of Baryons}",
      journal        = "Phys.Lett.",
      volume         = "A59",
      pages          = "254",
      doi            = "10.1016/0375-9601(76)90783-0",
      year           = "1976",
      SLACcitation   = "%%CITATION = PHLTA,A59,254;%%",
}
@online{hawk01,
  author = {Hawking, Stephen},
  title = {Space and Time Warps},
  url = {http://www.hawking.org.uk/space-and-time-warps.html},
  urldate = {2014-10-09}
}
@misc{hows,
	author	=	{Hows, David},
	title		=	{Private communication},
	year		=	{2014}
}
@article{Poplawski:2010kb,
      author         = "Poplawski, Nikodem J.",
      title          = "{Cosmology with torsion - an alternative to cosmic
                        inflation}",
      journal        = "Phys.Lett.",
      volume         = "B694",
      pages          = "181-185",
      doi            = "10.1016/j.physletb.2010.09.056,
                        10.1016/j.physletb.2011.05.047",
      year           = "2010",
      eprint         = "1007.0587",
      archivePrefix  = "arXiv",
      primaryClass   = "astro-ph.CO",
      SLACcitation   = "%%CITATION = ARXIV:1007.0587;%%",
}
@article{Olum:1998mu,
      author         = "Olum, Ken D.",
      title          = "{Superluminal travel requires negative energies}",
      journal        = "Phys.Rev.Lett.",
      volume         = "81",
      pages          = "3567-3570",
      doi            = "10.1103/PhysRevLett.81.3567",
      year           = "1998",
      eprint         = "gr-qc/9805003",
      archivePrefix  = "arXiv",
      primaryClass   = "gr-qc",
      reportNumber   = "TUTP-98-02",
      SLACcitation   = "%%CITATION = GR-QC/9805003;%%",
}
@article{Fuller:1962zza,
      author         = "Fuller, Robert W. and Wheeler, John A.",
      title          = "{Causality and Multiply Connected Space-Time}",
      journal        = "Phys.Rev.",
      volume         = "128",
      pages          = "919-929",
      doi            = "10.1103/PhysRev.128.919",
      year           = "1962",
      SLACcitation   = "%%CITATION = PHRVA,128,919;%%",
}
@article{Sopova:2002cs,
      author         = "Sopova, V. and Ford, L.H.",
      title          = "{The Energy density in the Casimir effect}",
      journal        = "Phys.Rev.",
      volume         = "D66",
      pages          = "045026",
      doi            = "10.1103/PhysRevD.66.045026",
      year           = "2002",
      eprint         = "quant-ph/0204125",
      archivePrefix  = "arXiv",
      primaryClass   = "quant-ph",
      SLACcitation   = "%%CITATION = QUANT-PH/0204125;%%",
}
@article{Morris:1988tu,
      author         = "Morris, M.S. and Thorne, K.S. and Yurtsever, U.",
      title          = "{Wormholes, Time Machines, and the Weak Energy
                        Condition}",
      journal        = "Phys.Rev.Lett.",
      volume         = "61",
      pages          = "1446-1449",
      doi            = "10.1103/PhysRevLett.61.1446",
      year           = "1988",
      SLACcitation   = "%%CITATION = PRLTA,61,1446;%%",
}
@article{Banks:1992mi,
      author         = "Banks, Tom and O'Loughlin, M.",
      title          = "{Classical and quantum production of cornucopions at
                        energies below $10^{18}$ GeV}",
      journal        = "Phys.Rev.",
      volume         = "D47",
      pages          = "540-553",
      doi            = "10.1103/PhysRevD.47.540",
      year           = "1993",
      eprint         = "hep-th/9206055",
      archivePrefix  = "arXiv",
      primaryClass   = "hep-th",
      reportNumber   = "RU-92-14-REV, RU-92-14",
      SLACcitation   = "%%CITATION = HEP-TH/9206055;%%",
}
@article{Banks:1992ba,
      author         = "Banks, Tom and Dabholkar, A. and Douglas, Michael R. and
                        O'Loughlin, M.",
      title          = "{Are horned particles the climax of Hawking
                        evaporation?}",
      journal        = "Phys.Rev.",
      volume         = "D45",
      pages          = "3607-3616",
      doi            = "10.1103/PhysRevD.45.3607",
      year           = "1992",
      eprint         = "hep-th/9201061",
      archivePrefix  = "arXiv",
      primaryClass   = "hep-th",
      reportNumber   = "RU-91-54",
      SLACcitation   = "%%CITATION = HEP-TH/9201061;%%",
}
@article{Banks:2012hx,
      author         = "Banks, Tom",
      title          = "{The Top $10^{500}$ Reasons Not to Believe in the
                        Landscape}",
      year           = "2012",
      eprint         = "1208.5715",
      archivePrefix  = "arXiv",
      primaryClass   = "hep-th",
      reportNumber   = "RUNHETC-2012-07, SCIPP-12-06",
      SLACcitation   = "%%CITATION = ARXIV:1208.5715;%%",
}
@article{'tHooft:1984re,
      author         = "'t Hooft, Gerard",
      title          = "{On the Quantum Structure of a Black Hole}",
      journal        = "Nucl.Phys.",
      volume         = "B256",
      pages          = "727",
      doi            = "10.1016/0550-3213(85)90418-3",
      year           = "1985",
      reportNumber   = "Print-84-0924 (UTRECHT)",
      SLACcitation   = "%%CITATION = NUPHA,B256,727;%%",
}
@article{Giddings:1995gd,
      author         = "Giddings, Steven B.",
      title          = "{The Black hole information paradox}",
      pages          = "0415-428",
      year           = "1995",
      eprint         = "hep-th/9508151",
      archivePrefix  = "arXiv",
      primaryClass   = "hep-th",
      reportNumber   = "UCSBTH-95-24",
      SLACcitation   = "%%CITATION = HEP-TH/9508151;%%",
}
@book{newsci,
	author	=	{Hodson, Hal},
	title		=	{Experiment tests whether universe is a hologram},
	publisher	=	{NewScientist},
	year		=	{2014}
}