%% This BibTeX bibliography file was created using BibDesk.
%% http://bibdesk.sourceforge.net/

%% Created for Charlie Jonas at 2016-01-03 13:20:03 +0000 


%% Saved with string encoding Unicode (UTF-8) 



@book{kayelaby,
	Author = {Kaye, George William Clarkson and Laby, Thomas Howell},
	Date-Added = {2016-01-03 13:05:32 +0000},
	Date-Modified = {2016-01-03 13:20:03 +0000},
	Edition = {14},
	Publisher = {BiblioLife},
	Title = {Tables of Physical and Chemical Constants and Some Mathematical Functions},
	Year = {1982}}

@booklet{labmanual,
	Author = {Department of Physics, University of Cambridge},
	Date-Added = {2016-01-02 18:15:37 +0000},
	Date-Modified = {2016-01-02 18:17:32 +0000},
	Title = {{NST 1A} Physics Practical Manual, {Michaelmas} Term},
	Year = {2015}}
