%% This BibTeX bibliography file was created using BibDesk.
%% http://bibdesk.sourceforge.net/

%% Created for Charlie Jonas at 2018-02-26 15:10:21 +0000 


%% Saved with string encoding Unicode (UTF-8) 



@article{planck,
	Author = {Schlamminger, S. and Haddad, D. and Seifert, F. and Chao, L. S. and Newell, D. B. and Liu, R. and Steiner, R. L. and Pratt, J. R.},
	Date-Added = {2018-02-26 14:25:09 +0000},
	Date-Modified = {2018-02-26 14:27:30 +0000},
	Journal = {Metrologia},
	Number = {2},
	Pages = {S15},
	Title = {Determination of the Planck constant using a watt balance with a superconducting magnet system at the National Institute of Standards and Technology},
	Volume = {51},
	Year = {2014}}

@misc{charge,
	Author = {US National Institute of Standards and Technology},
	Date-Added = {2018-02-26 14:24:23 +0000},
	Date-Modified = {2018-02-26 14:25:07 +0000},
	Howpublished = {http://physics.nist.gov/cgi-bin/cuu/Value?e},
	Title = {The NIST Reference on Constants, Units, and Uncertainty}}

@misc{hyperphysics,
	Author = {Nave, C. R.},
	Date-Added = {2018-02-25 23:05:17 +0000},
	Date-Modified = {2018-02-25 23:13:09 +0000},
	Howpublished = {\url{http://hyperphysics.phy-astr.gsu.edu/hbase/Solids/coop.html}},
	Lastchecked = {2018-02-25},
	Title = {Cooper Pairs},
	Bdsk-Url-1 = {http://hyperphysics.phy-astr.gsu.edu/hbase/Solids/coop.html}}

@article{cooper-pairs,
	Author = {Cooper, L. N.},
	Date-Added = {2018-02-25 22:49:32 +0000},
	Date-Modified = {2018-02-25 22:51:11 +0000},
	Journal = {Physical Review},
	Number = {4},
	Pages = {1189-1190},
	Title = {Bound electron pairs in a degenerate Fermi gas},
	Volume = {104},
	Year = {1956}}

@article{josephson,
	Author = {Josephson, B. D.},
	Date-Added = {2018-02-24 17:26:33 +0000},
	Date-Modified = {2018-02-24 17:29:48 +0000},
	Journal = {Physics Letters},
	Number = {7},
	Pages = {251-253},
	Title = {Possible new effects in superconductive tunnelling},
	Volume = {1},
	Year = {1962}}

@booklet{labmanual,
	Author = {Department of Physics, University of Cambridge},
	Date-Added = {2016-04-18 11:53:30 +0000},
	Date-Modified = {2018-02-26 15:10:18 +0000},
	Title = {Measurement of e/h using the Josephson Effect},
	Year = {2018}}

@article{clarke,
	Author = {Clarke, J.},
	Date-Modified = {2018-02-26 01:35:59 +0000},
	Journal = {American Journal of Physics},
	Number = {9},
	Pages = {1071-1095},
	Title = {The Josephson Effect and e/h},
	Volume = {38},
	Year = {1970}}
