%% This BibTeX bibliography file was created using BibDesk.
%% http://bibdesk.sourceforge.net/

%% Created for Charlie Jonas at 2017-11-13 15:04:53 +0000 


%% Saved with string encoding Unicode (UTF-8) 



@article{labyrinth,
	Author = {Romankiw, L.T. and Slusarczuk, M.M.G. and Thompson, D.A.},
	Date-Added = {2017-11-13 14:58:49 +0000},
	Date-Modified = {2017-11-13 15:04:53 +0000},
	Journal = {IEEE Transactions on Magnetics},
	Pages = {25-28},
	Title = {Liquid magnetic bubbles},
	Volume = {11},
	Year = {1975}}

@book{maths,
	Author = {Abramowitz, M and Stegun, I.A.},
	Date-Added = {2017-11-13 11:39:32 +0000},
	Date-Modified = {2017-11-13 11:41:38 +0000},
	Publisher = {Dover Publications},
	Title = {Handbook of Mathematical Functions},
	Year = {1965}}

@article{ref2,
	Author = {Dickstein, A.J. and Erramilli, S. and Goldstein, R.E. and Jackson, D.P. and Langer, S.A.},
	Date-Added = {2017-11-13 11:32:37 +0000},
	Date-Modified = {2017-11-13 11:38:00 +0000},
	Journal = {Science},
	Number = {5124},
	Pages = {1012-1015},
	Title = {Labyrinthine Pattern Formation in Magnetic Fluids},
	Volume = {261},
	Year = {1993}}

@article{ref4,
	Author = {Tsebers, A.O. and Maiorov, M.M.},
	Date-Added = {2017-11-13 11:21:12 +0000},
	Date-Modified = {2017-11-13 11:38:23 +0000},
	Journal = {Magnetohydrodynamics},
	Pages = {21},
	Title = {Magnetostatic instabilities in plane layers of magnetizable liquids},
	Volume = {16},
	Year = {1980}}

@article{ref3,
	Author = {Rosenweig, R.E. and Zahn, M. and Shumovich, R.},
	Date-Added = {2017-11-13 11:20:14 +0000},
	Date-Modified = {2017-11-13 11:37:23 +0000},
	Journal = {Journal of Magnetism and Magnetic Materials},
	Pages = {127},
	Title = {Labyrinthine instability in magnetic and dielectric fluids},
	Volume = {39},
	Year = {1983}}

@article{ref1,
	Author = {Langer, S.A. and Goldstein, R.E. and Jackson D.P.},
	Date-Added = {2017-11-13 11:17:47 +0000},
	Date-Modified = {2017-11-13 11:36:56 +0000},
	Journal = {Physical Review A},
	Number = {8},
	Pages = {4894},
	Title = {Dynamics of labyrinthe pattern formation in magnetic fluids},
	Volume = {46},
	Year = {1992}}

@booklet{labmanual,
	Author = {Department of Physics, University of Cambridge},
	Date-Added = {2016-04-18 11:53:30 +0000},
	Date-Modified = {2017-11-13 11:20:01 +0000},
	Title = {Instability and Pattern Formation in Ferrofluids},
	Year = {2017}}
