%% This BibTeX bibliography file was created using BibDesk.
%% http://bibdesk.sourceforge.net/

%% Created for Charlie Jonas at 2016-04-19 21:47:16 +0100 


%% Saved with string encoding Unicode (UTF-8) 



@book{feynman,
	Author = {Sands, Matthew and Feynman, Richard and Leighton, Robert B.},
	Date-Added = {2016-04-18 12:20:24 +0000},
	Date-Modified = {2016-04-18 12:23:39 +0000},
	Publisher = {Basic Books},
	Title = {The Feynman Lectures on Physics},
	Volume = {2},
	Year = {2011}}

@booklet{labmanual,
	Author = {Department of Physics, University of Cambridge},
	Date-Added = {2016-04-18 11:53:30 +0000},
	Date-Modified = {2016-04-18 12:03:50 +0000},
	Title = {{NST 1A} Physics Practical Manual, {Lent} Term},
	Year = {2016}}

@book{torsion,
	Author = {Megson, Thomas Henry Gordon},
	Date-Added = {2016-04-18 11:53:16 +0000},
	Date-Modified = {2016-04-19 20:47:16 +0000},
	Edition = {second},
	Publisher = {Butterworth-Heinemann},
	Title = {Structural and stress analysis},
	Year = {2005}}
